@book{Falk,
author = {Michael Falk and Johannes Hain and Frank Marohn and Hans Fischer and René Michel},
title = {{Statistik in Theorie und Praxis}},
date = {2014},
maintitle = {{Statistik in Theorie und Praxis}},
subtitle = {{Mit Anwendungen in R}},
publisher = {Springer Spektrum},
location = {Berlin und Heidelberg},
chapter = {7},
pages = {187-217},
}
@book{Cramer2008,
author = {Erhard Cramer and Udo Kamps},
title = {{Grundlagen der Wahrscheinlichkeitsrechnung und Statistik}},
date = {2008},
subtitle = {{Ein Skript f\"ur Studierende der Informatik, der Ingenieur- und Wirtschaftswissenschaften}},
edition = {2., \"uberarbeitete Auflage},
publisher = {Springer-Verlag},
location = {Heidelberg},
}
@book{Gross2012,
  title={Massenspektrometrie},
  subtitle = {{Ein Lehrbuch}},
  author={Gross, J{\"u}rgen H},
  year={2012},
  location = {Berlin und Heidelberg},
  publisher={Springer-Verlag}
}
@book{Budz2005,
  title={Massenspektrometrie},
  subtitle = {{Eine Einführung}},
  author={Budzikiewicz, Herbert and Sch{\"a}fer, Mathias},
  year={2005},
  publisher={WILEY-VCH GmbH\,\&\,Co.\,KGaA},
  edition = {5., vollst\"andig \"uberarbeitete und aktualisierte Auflage},
  location = {Weinheim},
}
@book{Curdes2003,
author = {Beate Curdes},
title = {{Mathematikstudentinnen und - studenten}},
date = {2003},
subtitle = {{Studienerfahrungen und Zukunftsvorstellungen}},
edition = {Nachdruck},
publisher = {NFFG (Nieders\"achsicher Forschungsverbund f\"ur Frauen-/Ge{\-}schlechterforschung in Naturwissenschaften, Technik und Medizin},
location = {Norderstedt},
pages = {73},
}

@book{Dubs2009,
  title={Lehrerverhalten},
  subtitle = {{Ein Beitrag zur Interaktion von Lehrenden und Lernenden im Unterricht}},
  author={Dubs, Rolf},
  publisher={Franz Steiner Verlag},
  location = {Stuttgart},
  pages = {73},
  year={2009}
}

@thesis{Boehmer2013,
author = {Mathias Böhmer},
title = {Konzeption eines {A}nalogie-{V}ersuches zur {M}assenspektrometrie für ein {P}hysikpraktikum für {B}iologie-{S}tu{\-}dierende},
type = {Staatsexamensarbeit},
institution = {{RWTH Aachen}},
date = {2013-05-16},
OPTlocation = {Aachen},
}

@thesis{Mais2014,
author = {Axel Mais},
title = {Entwicklung eines {A}nalogie-{V}ersuches zur {M}assenspektrometrie für {B}iologie-{S}tu{\-}die{\-}rende},
type = {Staatsexamensarbeit},
institution = {{RWTH Aachen}},
date = {2014-07-17},
OPTlocation = {Aachen},
}
@book{Kircher2013,
  title={Physikdidaktik},
  subtitle = {{Theorie und Praxis}},
  author={Kircher, Ernst and Girwidz, Raimund and H{\"a}u{\ss}ler, Peter},
  year={2015},
  edition = {3. Auflage},
  publisher={Springer Spektrum},
  location = {Berlin und Heidelberg},
}

@book{Stroppe2008,
  title={PHYSIK},
  subtitle = {{f\"ur Studierende der Natur- und Ingenieurwissenschaften}},
  author={Stroppe, Heribert},
  edition = {14., aktualisierte Auflage},
  year={2008},
  location = {M\"unchen},
  publisher={Fachbuchverlag im Carl Hanser Verlag}
}

@book{Giancoli2010,
  title={Physik},
  subtitle={{Lehr-und {\"U}bungsbuch}},
  author={Giancoli, Douglas C},
  year={2010},
  publisher={Pearson Studium},
  location = {M\"unchen},
  edition = {3., erweiterte Auflage}
}
@book{Schiller32016,
  title={{Motion Mountain}},
  subtitle={{The Adventure of Physics Volume III}},
  author={Schiller, Christoph},
  year={2016},
  publisher={Christoph Schiller},
  location={M\"unchen},
  edition = {28. Auflage},
  url={http://www.motionmountain.net/}
}
@book{Schiller12016,
  title={{Motion Mountain}},
  subtitle={{The Adventure of Physics Volume I}},
  author={Schiller, Christoph},
  year={2016},
  publisher={Christoph Schiller},
  location={M\"unchen},
  edition = {28. Auflage},
  url={http://www.motionmountain.net/}
}
@book{Demtroeder2010,
  title={{Experimentalphysik III}},
  subtitle={{Atome, Molek\"ule und Festk\"orper}},
  author={Demtr{\"o}der, Wolfgang},
  year={2010},
  location={Berlin und Heidelberg},
  edition = {4., überarbeitete Auflage},
  publisher={Springer-Verlag}
}
@book{Demtroeder2009,
  title={{Experimentalphysik II}},
  subtitle={{Elektrizit\"at und Optik}},
  author={Demtr{\"o}der, Wolfgang},
  year={2009},
  location={Berlin und Heidelberg},
  edition = {5., überarbeitete und erweiterte Auflage},
  publisher={Springer-Verlag}
}
@book{Demtroeder2008,
  title={{Experimentalphysik I}},
  subtitle={{Mechanik und W\"arme}},
  author={Demtr{\"o}der, Wolfgang},
  year={2008},
  location={Berlin und Heidelberg},
  edition = {5., neu bearbeitete und aktualisierte Auflage},
  publisher={Springer-Verlag}
}
@article{Goldstein1886,
  title={{Sitzungsberichte der Preu{\ss}ischen Akademie der Wissenschaften}},
  author={Goldstein, Eugen},
  volume={691},
  pages={691--699},
  year={1886}
}
@book{Tipler2010,
  title={{Moderne Physik}},
  author={Tipler, Paul A},
  year={2010},
  publisher={{Oldenbourg Wissenschaftsverlag GmbH}},
  location = {M\"unchen},
  edition = {2., verbesserte und aktualisierte Auflage}
}
@book{Halliday2009,
  title={{Halliday Physik}},
  author={Halliday, David and Resnick, Robert and Walker, Jearl},
  year={2009},
  publisher={WILEY-VCH GmbH\,\&\,Co.\,KGaA},
  edition = {2., \"uberarbeitete und erg\"anzte Auflage},
  location = {Weinheim},
}
@book{Gomoletz2007,
  title={{Metzler Physik}},
  author={Gomoletz, Joachim and Grehn, Joachim and Krause, Joachim and Peters, Georg and Schmidt, Herbert Kurt and Schwarze, Heiner},
  year={2007},
  publisher={Bildungshaus Schulbuchverlag Westermann Schroedel Diesterweg Schöningh Winklers GmbH},
  edition = {4. Auflage},
  editor={Grehn, Joachim and Krause, Joachim},
  location = {Braunschweig},
}
@book{Furlan2012,
  title={{Das gelbe Rechenbuch 3}},
  author={Furlan, Peter},
  year={2012},
  subtitle={{f\"ur Ingenieure, Naturwissenschaftler und Mathematiker}},
  publisher={Verlag Martina Furlan},
  location = {Dortmund},
}
@book{Greiner2008,
  title={{Klassische Mechanik II}},
  author={Greiner, Walter},
  year={2008},
  subtitle={{Teilchensysteme, Lagrange-Hamiltonsche Dynamik, Nichtlineare Phänomene}},
  publisher={Verlag Harri Deutsch GmbH},
  edition = {8., \"uberarbeitete und erweiterte Auflage},
  location = {Frankfurt am Main},
}
@book{Greiner2008II,
  title={{Klassische Mechanik I}},
  author={Greiner, Walter},
  year={2008},
  subtitle={{Kinematik und Dynamik der Punktteilchen, Relativität}},
  publisher={Verlag Harri Deutsch GmbH},
  edition = {8., \"uberarbeitete und erweiterte Auflage},
  location = {Frankfurt am Main},
}
@book{clift2013,
  title={{Bubbles, Drops, and Particles}},
  author={Clift, R. and Grace, J.R. and Weber, M.E.},
  series={{Dover Civil and Mechanical Engineering}},
  year={2013},
  location={Mineola, New York},
  publisher={Dover Publications},
  pages={97--125},
}
@thesis{Koestler2010,
author = {K\"ostler, Martin},
title = {{Bildgebende Massenspektrometrie}},
subtitle= {{Apparative und pr\"aparative Entwicklung, sowie lateral hochaufl\"osende Untersuchung artifizieller und biologischer Proben}},
type = {Inauguraldissertation},
institution = {{Gie{\ss}en, Justus-Liebig-Universit\"at}},
date = {2010-12-03},
OPTlocation = {Giessen},
}
@thesis{Blaum2011,
author = {Blaum, Maximilian},
title = {{Neukonzeption des Versuchs Quadrupolmassenspektrometer im Fortgeschrittenen-Praktikum}},
type = {Staatsexamensarbeit},
institution = {{Johannes Gutenberg Universit"at Mainz}},
date = {2011-04-08},
OPTlocation = {Mainz},
}
@article{Lumer1999,
  title={{Kognitivismus/Nonkognitivismus}},
  author={Lumer, Christoph},
  editor={Hans J\"org Sandk\"uhler},
  journal={Enzyklop{\"a}die Philosophie, Bd},
  volume={1},
  location={Hamburg},
  pages={695--699},
  year={1999}
}
@book{Mucke1995,
  title={{Lernen im sinnstiftenden Kontext}},
  subtitle={{Entwurf einer zeitgem{\"a}ssen Didaktik des Physikunterrichts}},
  author={Muckenfu{\ss}, Heinz},
  location={Berlin},
  year={1995},
  publisher={Cornelsen}
}
@book{Nuffield1970,
  title={{Chemistry. Teacher´s Guide II}},
  subtitle={{Topics 13 to 19}},
  author={{The Nuffield Foundation}},
  location={Middlesex, England},
  year={1970},
  publisher={Penguin Books Ltd.},
  pages={262--264}
}
@article{Graf2002,
  title={{Funktionsprinzip eines Massenspektrometers}},
  subtitle={{Modellversuch zur Veranschaulichung}},
  author={B\"uhler, Achim and Graf, Erwin},
  journal={{Praxis der Naturwissenschaften - Chemie in der Schule}},
  volume={6},
  number={51},
  publisher={Aulis Verlag Deubner \& Co\,KG},
  editor={Demuth, Reinhard and Duvinage, Brigitte and Latzel, Gert and Obendrauf, Viktor},
  location={Köln und Leipzig},
  pages={33--36},
  year={2002}
}
@article{Schilling1987,
  title={{Mechanisches Funktionsmodell eines geschwindigkeitsfokussierenden Massenspektrographen}},
  author={Schilling, Elisabeth and Luchner, Karl and Deger, Hermann},
  journal={{Der mathematische und naturwissenschaftliche Unterricht (MNU}},
  volume={40},
  number={1},
  publisher={Ferdinand Dümmler Verlag},
  location={Bonn},
  pages={34--38},
  year={1987}
}
@book{Bronstein2008,
  title={{Taschenbuch der Mathematik}},
  author={Bronstein, I. N. and Semendjajew, K. A. and Musiol, G. and Mühlig, H},
  location={Frankfurt am Main},
  year={2008},
  edition = {7., vollst\"andig \"uberarbeitete und erg\"anzte Auflage},
  publisher={Verlag Harri Deutsch GmbH},
}